%% This BibTeX bibliography file was created using BibDesk.
%% https://bibdesk.sourceforge.io/

%% Created for Mike Frank at 2025-01-23 14:01:19 -0800 


%% Saved with string encoding Unicode (UTF-8) 



@article{ganea2011,
	author = {Ganea, Patricia A and Ma, Lili and DeLoache, Judy S},
	date-added = {2025-01-23 14:01:17 -0800},
	date-modified = {2025-01-23 14:01:19 -0800},
	journal = {Child Development},
	number = {5},
	pages = {1421--1433},
	publisher = {Wiley Online Library},
	title = {Young children's learning and transfer of biological information from picture books to real animals},
	volume = {82},
	year = {2011}}

@article{gelman1998,
	author = {Gelman, Susan A and Ebeling, Karen S},
	date-added = {2025-01-23 14:00:25 -0800},
	date-modified = {2025-01-23 14:00:27 -0800},
	journal = {Cognition},
	number = {2},
	pages = {B35--B47},
	publisher = {Elsevier},
	title = {Shape and representational status in children's early naming},
	volume = {66},
	year = {1998}}

@article{preissler2004,
	author = {Preissler, Melissa A and Carey, Susan},
	date-added = {2025-01-23 14:00:08 -0800},
	date-modified = {2025-01-23 14:00:35 -0800},
	journal = {Journal of cognition and development},
	number = {2},
	pages = {185--212},
	publisher = {Taylor \& Francis},
	title = {Do both pictures and words function as symbols for 18-and 24-month-old children?},
	volume = {5},
	year = {2004}}
